<record><leader>00000cas a2200000 a 4500</leader><controlfield tag="001">28568327</controlfield><controlfield tag="008">930804d18981919iluwr ne      0   a0eng c</controlfield><datafield ind1=" " ind2=" " tag="010"><subfield code="a">sn 93055951 </subfield></datafield><datafield ind1=" " ind2=" " tag="040"><subfield code="a">NVF</subfield><subfield code="b">eng</subfield><subfield code="c">NVF</subfield><subfield code="d">OCLCQ</subfield><subfield code="d">CVF</subfield><subfield code="d">NVF</subfield><subfield code="d">OCLCF</subfield><subfield code="d">OCLCO</subfield><subfield code="d">NVF</subfield></datafield><datafield ind1=" " ind2=" " tag="042"><subfield code="a">pcc</subfield></datafield><datafield ind1=" " ind2=" " tag="043"><subfield code="a">n-us-il</subfield></datafield><datafield ind1="0" ind2=" " tag="130"><subfield code="a">Stockton news (Stockton, Ill.)</subfield></datafield><datafield ind1="1" ind2="4" tag="245"><subfield code="a">The Stockton news.</subfield></datafield><datafield ind1=" " ind2=" " tag="260"><subfield code="a">Stockton, Ill. :</subfield><subfield code="b">Scotchbrook &amp; Williams,</subfield><subfield code="c">1898-1919.</subfield></datafield><datafield ind1=" " ind2=" " tag="300"><subfield code="a">volumes</subfield></datafield><datafield ind1=" " ind2=" " tag="310"><subfield code="a">Weekly</subfield></datafield><datafield ind1="0" ind2=" " tag="362"><subfield code="a">Vol. 1, no. 1 (Jan. 26, 1898)-v. 22, no. 41 (Nov. 12, 1919).</subfield></datafield><datafield ind1=" " ind2=" " tag="580"><subfield code="a">Merged with: Stockton herald, to form: Stockton herald-news.</subfield></datafield><datafield ind1=" " ind2="0" tag="651"><subfield code="a">Stockton (Ill.)</subfield><subfield code="v">Newspapers.</subfield></datafield><datafield ind1=" " ind2="7" tag="651"><subfield code="a">Illinois</subfield><subfield code="z">Stockton.</subfield><subfield code="2">fast</subfield><subfield code="0">(OCoLC)fst01888138</subfield></datafield><datafield ind1=" " ind2="7" tag="655"><subfield code="a">Newspapers.</subfield><subfield code="2">fast</subfield><subfield code="0">(OCoLC)fst01423814</subfield></datafield><datafield ind1=" " ind2=" " tag="752"><subfield code="a">United States</subfield><subfield code="b">Illinois</subfield><subfield code="c">Jo Daviess County</subfield><subfield code="d">Stockton.</subfield></datafield><datafield ind1="1" ind2="7" tag="785"><subfield code="t">Stockton herald</subfield><subfield code="w">(DLC)sn 93055952</subfield><subfield code="w">(OCoLC)28568410</subfield></datafield><datafield ind1="1" ind2="7" tag="785"><subfield code="t">Stockton herald-news</subfield><subfield code="w">(DLC)sn 93055953</subfield><subfield code="w">(OCoLC)28570677</subfield></datafield><datafield ind1="1" ind2=" " tag="029"><subfield code="a">AU@</subfield><subfield code="b">000025850506</subfield></datafield></record>